@article{徐心和2006中国象棋计算机博弈关键技术分析,
  title={中国象棋计算机博弈关键技术分析},
  author={徐心和 and 王骄},
  journal={小型微型计算机系统},
  volume={27},
  number={6},
  pages={961--969},
  year={2006}
}

@article{schaeffer1989history,
  title={The history heuristic and alpha-beta search enhancements in practice},
  author={Schaeffer, Jonathan},
  journal={IEEE transactions on pattern analysis and machine intelligence},
  volume={11},
  number={11},
  pages={1203--1212},
  year={1989},
  publisher={IEEE}
}

